<?xml version="1.0" encoding="UTF-8" ?>
<collection xmlns:xsi="http://www.w3.org/2001/XMLSchema-instance"
    xsi:schemaLocation="http://www.loc.gov/MARC21/slim
        http://www.loc.gov/standards/marcxml/schema/MARC21slim.xsd"
    xmlns="http://www.loc.gov/MARC21/slim">
<record>
  <leader>00367cam a2200757 ia4500</leader>
  <controlfield tag="001">b12428814</controlfield>
  <controlfield tag="003">LeBAU</controlfield>
  <controlfield tag="005">20190430</controlfield>
  <controlfield tag="008">970424m19281933ua       b    ||0 0 ara d</controlfield>
  <datafield tag="035" ind1=" " ind2=" ">
    <subfield code="a">ocn784311317</subfield>
  </datafield>
  <datafield tag="040" ind1=" " ind2=" ">
    <subfield code="a">LEAUB</subfield>
    <subfield code="b">ara</subfield>
    <subfield code="e">rda</subfield>
    <subfield code="c">LEAUB</subfield>
    <subfield code="d">LEAUB</subfield>
  </datafield>
  <datafield tag="082" ind1="0" ind2="4">
    <subfield code="a">340.59</subfield>
    <subfield code="2">23</subfield>
  </datafield>
  <datafield tag="100" ind1="1" ind2=" ">
    <subfield code="6">880-01</subfield>
    <subfield code="a">Ibn Ḥazm, ʻAlī ibn Aḥmad,</subfield>
    <subfield code="d">994-1064,</subfield>
    <subfield code="e">author.</subfield>
  </datafield>
  <datafield tag="245" ind1="1" ind2="0">
    <subfield code="6">880-02</subfield>
    <subfield code="a">al-Muḥallá /</subfield>
    <subfield code="c">tasnīf al-imām al-jalīl al-muḥaddith, al-faqīh, al-uṣūlī, qawiy al-ʻāriḍah, shadīd al-muʻāraḍah, balīgh al-ʻibārah, bāligh al-ḥujjah, ṣāḥib al-taṣānīf al-mumtiʻah fī al-maʻqūl wa-al-manqūl, wa-al-sunnah, wa-al-fiqh, wa-al-uṣūl wa-al-khilāf, mujaddid al-qarn al-khāmis, fakhr al-Andalus Abī Muḥammad ʻAlī ibn Aḥmad ibn Saʻīd ibn Ḥazm al-mutawaffá sanat 456 H. ; ʻuniya bi-nashrihi wa-taṣḥiḥihi lil-marrah al-ulá sanat 1347 H. Idarat al-Ṭibāʻah al-Muīrīyah, li-ṣāḥibihā wa-mudīrihā Muḥammad Munīr ʻAbduh Āghā al-Dimashqī ; bi-taḥqīq al-ustādh al-Shaykh Aḥmad Muḥammad Shākir, al-qāḍī al-sharʻī.</subfield>
  </datafield>
  <datafield tag="264" ind1=" " ind2="1">
    <subfield code="6">880-03</subfield>
    <subfield code="a">Miṣr :</subfield>
    <subfield code="b">Idarat al-Ṭibāʻah al-Munīrīyah,</subfield>
    <subfield code="c">1347-1352 H., [1928-1933? M.]</subfield>
  </datafield>
  <datafield tag="300" ind1=" " ind2=" ">
    <subfield code="6">880-04</subfield>
    <subfield code="a">11 volumes ;</subfield>
    <subfield code="c">25 cm</subfield>
  </datafield>
  <datafield tag="336" ind1=" " ind2=" ">
    <subfield code="a">text</subfield>
    <subfield code="b">txt</subfield>
    <subfield code="2">rdacontent</subfield>
  </datafield>
  <datafield tag="337" ind1=" " ind2=" ">
    <subfield code="a">unmediated</subfield>
    <subfield code="b">n</subfield>
    <subfield code="2">rdamedia</subfield>
  </datafield>
  <datafield tag="338" ind1=" " ind2=" ">
    <subfield code="a">volume</subfield>
    <subfield code="b">nc</subfield>
    <subfield code="2">rdacarrier</subfield>
  </datafield>
  <datafield tag="500" ind1=" " ind2=" ">
    <subfield code="a">الجزء السابع: بتحقيق صاحب الفضيلة الشيخ عبد الرحمن الجزيري، مفتش أول وزارة الأوقاف.</subfield>
  </datafield>
  <datafield tag="500" ind1=" " ind2=" ">
    <subfield code="a">الأجزاء 8-11: بتحقيق محمد منير الدمشقي صاحب ومدير إدارة الطباعة المنيرية.</subfield>
  </datafield>
  <datafield tag="501" ind1=" " ind2=" ">
    <subfield code="a">تم تجليد الأجزاء الحادية عشر من النسخة الأولى في 8 مجلدات في المكتبة.</subfield>
  </datafield>
  <datafield tag="504" ind1=" " ind2=" ">
    <subfield code="a">يتضمن مراجع ببليوغرافية.</subfield>
  </datafield>
  <datafield tag="541" ind1=" " ind2=" ">
    <subfield code="c">هبة؛</subfield>
    <subfield code="a">مكتبة المفتي الشيخ حسن خالد؛</subfield>
    <subfield code="d">2017؛</subfield>
    <subfield code="3">مكتبة يافث النسخة 2.</subfield>
  </datafield>
  <datafield tag="590" ind1=" " ind2=" ">
    <subfield code="a">الجزء 6 من النسخة 2: الصفحات من صفحة العنوان الى 16 ممزقة الآخر.</subfield>
  </datafield>
  <datafield tag="650" ind1=" " ind2="4">
    <subfield code="a">الفقه الاسلامي</subfield>
    <subfield code="v">اعمال قديمة حتى 1800.</subfield>
  </datafield>
  <datafield tag="650" ind1=" " ind2="4">
    <subfield code="a">الاسلام</subfield>
    <subfield code="x">شعائر</subfield>
    <subfield code="v">أعمال قديمة حتى 1800.</subfield>
  </datafield>
  <datafield tag="650" ind1=" " ind2="4">
    <subfield code="a">الظاهرية.</subfield>
  </datafield>
  <datafield tag="650" ind1=" " ind2="0">
    <subfield code="a">Islamic law</subfield>
    <subfield code="v">Early works to 1800.</subfield>
  </datafield>
  <datafield tag="650" ind1=" " ind2="0">
    <subfield code="a">Islam</subfield>
    <subfield code="x">Rituals</subfield>
    <subfield code="x">Early works to 1800.</subfield>
  </datafield>
  <datafield tag="650" ind1=" " ind2="0">
    <subfield code="a">Zahirites.</subfield>
  </datafield>
  <datafield tag="700" ind1="1" ind2=" ">
    <subfield code="6">880-05</subfield>
    <subfield code="a">Shākir, Aḥmad Muḥammad,</subfield>
    <subfield code="e">annotator.</subfield>
  </datafield>
  <datafield tag="700" ind1="1" ind2=" ">
    <subfield code="6">880-06</subfield>
    <subfield code="a">Dimashqī, Muḥammad Munīr,</subfield>
    <subfield code="e">annotator.</subfield>
  </datafield>
  <datafield tag="700" ind1="1" ind2=" ">
    <subfield code="6">880-07</subfield>
    <subfield code="a">Jazīrī, ʻAbd al-Raḥmān,</subfield>
    <subfield code="e">annotator.</subfield>
  </datafield>
  <datafield tag="710" ind1="2" ind2=" ">
    <subfield code="6">880-08</subfield>
    <subfield code="a">Idārat al-Ṭibāʻah al-Munīrīyah (Egypt),</subfield>
    <subfield code="e">corrector.</subfield>
  </datafield>
  <datafield tag="852" ind1=" " ind2=" ">
    <subfield code="a">Jafet Library</subfield>
    <subfield code="e">American University of Beirut, Bliss Street , Beirut, Lebanon.</subfield>
  </datafield>
  <datafield tag="880" ind1="1" ind2=" ">
    <subfield code="6">100-01/(3/r</subfield>
    <subfield code="a">ابن حزم، علي بن احمد،</subfield>
    <subfield code="d">944-1064،</subfield>
    <subfield code="e">مؤلف. </subfield>
    <subfield code="4">aut.</subfield>
  </datafield>
  <datafield tag="880" ind1="1" ind2="3">
    <subfield code="6">245-02/(3/r</subfield>
    <subfield code="a">المحلى /</subfield>
    <subfield code="c">تصنيف الإمام الجليل، المحدث، الفقيه، الأصولي، قوي العارضة، شديد المعارضة، بليغ العبارة، بالغ الحجة، صاحب التصانيف الممتعة في المعقول والمنقول، والسنة، والفقه، والأصول والخلاف، مجدد القرن الخامس، فخر الأندلس، أبي محمد بن سعيد بن حزم المتوفى سنة 456 هـ. ؛ عني بنشره وتصحيحه للمرة الأولى سنة 1347 هـ. إدارة الطباعة المنيرية، لصاحبها ومديرها محمد منير عبده آغا الدمشقي ؛ بتحقيق الأستاذ الشيخ أحمد محمد شاكر، القاضي الشرعي.</subfield>
  </datafield>
  <datafield tag="880" ind1=" " ind2="1">
    <subfield code="6">264-03/(3/r</subfield>
    <subfield code="a">مصر :</subfield>
    <subfield code="b">إدارة الطباعة المنيرية،</subfield>
    <subfield code="c">1347-1352 هـ.، [1928-1933؟ م.]</subfield>
  </datafield>
  <datafield tag="880" ind1=" " ind2=" ">
    <subfield code="6">300-04/(3/r</subfield>
    <subfield code="a">11 جزء ؛</subfield>
    <subfield code="c">25 سم</subfield>
  </datafield>
  <datafield tag="880" ind1="1" ind2=" ">
    <subfield code="6">700-05/(3/r</subfield>
    <subfield code="a">شاكر، احمد محمد،</subfield>
    <subfield code="e">محقق. </subfield>
    <subfield code="4">ann.</subfield>
  </datafield>
  <datafield tag="880" ind1="1" ind2=" ">
    <subfield code="6">700-06/(3/r</subfield>
    <subfield code="a">الدمشقي، محمد منير،</subfield>
    <subfield code="e">محقق. </subfield>
    <subfield code="4">ann.</subfield>
  </datafield>
  <datafield tag="880" ind1="1" ind2=" ">
    <subfield code="6">700-07/(3/r</subfield>
    <subfield code="a">الجزيري، عبد الرحمن،</subfield>
    <subfield code="e">محقق. </subfield>
    <subfield code="4">ann.</subfield>
  </datafield>
  <datafield tag="880" ind1="2" ind2=" ">
    <subfield code="6">710-08/(3/r</subfield>
    <subfield code="a">إدارة الطباعة المنيرية (مصر)،</subfield>
    <subfield code="e">مصحح. </subfield>
    <subfield code="4">crr.</subfield>
  </datafield>
  <datafield tag="907" ind1=" " ind2=" ">
    <subfield code="a">.b12428814</subfield>
    <subfield code="b">19-05-07</subfield>
    <subfield code="c">11-05-24</subfield>
  </datafield>
  <datafield tag="907" ind1=" " ind2=" ">
    <subfield code="a">.b12428814</subfield>
    <subfield code="b">15-10-15</subfield>
    <subfield code="c">11-05-24</subfield>
  </datafield>
  <datafield tag="945" ind1=" " ind2=" ">
    <subfield code="f">J</subfield>
    <subfield code="a">340.59:I431maA:v.1-2:c.1</subfield>
    <subfield code="i">01022902</subfield>
    <subfield code="j">.i12900072</subfield>
    <subfield code="l">u0503</subfield>
  </datafield>
  <datafield tag="945" ind1=" " ind2=" ">
    <subfield code="f">J</subfield>
    <subfield code="a">340.59:I431maA:v.3-4:c.1</subfield>
    <subfield code="i">01022904</subfield>
    <subfield code="j">.i12900084</subfield>
    <subfield code="l">u0503</subfield>
  </datafield>
  <datafield tag="945" ind1=" " ind2=" ">
    <subfield code="f">J</subfield>
    <subfield code="a">340.59:I431maA:v.5-6:c.1</subfield>
    <subfield code="i">01022907</subfield>
    <subfield code="j">.i12900096</subfield>
    <subfield code="l">u0503</subfield>
  </datafield>
  <datafield tag="945" ind1=" " ind2=" ">
    <subfield code="f">J</subfield>
    <subfield code="a">340.59:I431maA:v.7:c.1</subfield>
    <subfield code="i">01022910</subfield>
    <subfield code="j">.i12900102</subfield>
    <subfield code="l">u0503</subfield>
  </datafield>
  <datafield tag="945" ind1=" " ind2=" ">
    <subfield code="f">J</subfield>
    <subfield code="a">340.59:I431maA:v.8:c.1</subfield>
    <subfield code="i">01022912</subfield>
    <subfield code="j">.i12900114</subfield>
    <subfield code="l">u0503</subfield>
  </datafield>
  <datafield tag="945" ind1=" " ind2=" ">
    <subfield code="f">J</subfield>
    <subfield code="a">340.59:I431maA:v.9:c.1</subfield>
    <subfield code="i">01022914</subfield>
    <subfield code="j">.i12900126</subfield>
    <subfield code="l">u0503</subfield>
  </datafield>
  <datafield tag="945" ind1=" " ind2=" ">
    <subfield code="f">J</subfield>
    <subfield code="a">340.59:I431maA:v.10:c.1</subfield>
    <subfield code="i">01022916</subfield>
    <subfield code="j">.i12900138</subfield>
    <subfield code="l">u0503</subfield>
  </datafield>
  <datafield tag="945" ind1=" " ind2=" ">
    <subfield code="f">J</subfield>
    <subfield code="a">340.59:I431maA:v.11:c.1</subfield>
    <subfield code="i">01022918</subfield>
    <subfield code="j">.i1290014x</subfield>
    <subfield code="l">u0503</subfield>
  </datafield>
  <datafield tag="945" ind1=" " ind2=" ">
    <subfield code="f">JK</subfield>
    <subfield code="a">340.59:I431maA:v.1:c.2</subfield>
    <subfield code="i">00530428</subfield>
    <subfield code="j">.i20348332</subfield>
    <subfield code="l">u0527</subfield>
  </datafield>
  <datafield tag="945" ind1=" " ind2=" ">
    <subfield code="f">JK</subfield>
    <subfield code="a">340.59:I431maA:v.2:c.2</subfield>
    <subfield code="i">00530429</subfield>
    <subfield code="j">.i20348344</subfield>
    <subfield code="l">u0527</subfield>
  </datafield>
  <datafield tag="945" ind1=" " ind2=" ">
    <subfield code="f">JK</subfield>
    <subfield code="a">340.59:I431maA:v.3:c.2</subfield>
    <subfield code="i">00530430</subfield>
    <subfield code="j">.i20348356</subfield>
    <subfield code="l">u0527</subfield>
  </datafield>
  <datafield tag="945" ind1=" " ind2=" ">
    <subfield code="f">JK</subfield>
    <subfield code="a">340.59:I431maA:v.4:c.2</subfield>
    <subfield code="i">00530431</subfield>
    <subfield code="j">.i20348368</subfield>
    <subfield code="l">u0527</subfield>
  </datafield>
  <datafield tag="945" ind1=" " ind2=" ">
    <subfield code="f">JK</subfield>
    <subfield code="a">340.59:I431maA:v.5:c.2</subfield>
    <subfield code="i">00530432</subfield>
    <subfield code="j">.i2034837x</subfield>
    <subfield code="l">u0527</subfield>
  </datafield>
  <datafield tag="945" ind1=" " ind2=" ">
    <subfield code="f">JK</subfield>
    <subfield code="a">340.59:I431maA:v.6:c.2</subfield>
    <subfield code="i">00530433</subfield>
    <subfield code="j">.i20348381</subfield>
    <subfield code="l">u0527</subfield>
  </datafield>
  <datafield tag="945" ind1=" " ind2=" ">
    <subfield code="f">JK</subfield>
    <subfield code="a">340.59:I431maA:v.7:c.2</subfield>
    <subfield code="i">00530434</subfield>
    <subfield code="j">.i20348393</subfield>
    <subfield code="l">u0527</subfield>
  </datafield>
  <datafield tag="945" ind1=" " ind2=" ">
    <subfield code="f">JK</subfield>
    <subfield code="a">340.59:I431maA:v.8:c.2</subfield>
    <subfield code="i">00530435</subfield>
    <subfield code="j">.i2034840x</subfield>
    <subfield code="l">u0527</subfield>
  </datafield>
  <datafield tag="945" ind1=" " ind2=" ">
    <subfield code="f">JK</subfield>
    <subfield code="a">340.59:I431maA:v.9:c.2</subfield>
    <subfield code="i">00530436</subfield>
    <subfield code="j">.i20348411</subfield>
    <subfield code="l">u0527</subfield>
  </datafield>
  <datafield tag="945" ind1=" " ind2=" ">
    <subfield code="f">JK</subfield>
    <subfield code="a">340.59:I431maA:v.10:c.2</subfield>
    <subfield code="i">00530437</subfield>
    <subfield code="j">.i20348423</subfield>
    <subfield code="l">u0527</subfield>
  </datafield>
  <datafield tag="945" ind1=" " ind2=" ">
    <subfield code="f">JK</subfield>
    <subfield code="a">340.59:I431maA:v.11:c.2</subfield>
    <subfield code="i">00530438</subfield>
    <subfield code="j">.i20348435</subfield>
    <subfield code="l">u0527</subfield>
  </datafield>
  <datafield tag="998" ind1=" " ind2=" ">
    <subfield code="a">u05</subfield>
    <subfield code="b">97-04-24</subfield>
    <subfield code="c">m</subfield>
    <subfield code="d">a  </subfield>
    <subfield code="e">-</subfield>
    <subfield code="f">ara</subfield>
    <subfield code="g">ua </subfield>
    <subfield code="h">0</subfield>
    <subfield code="i">8</subfield>
  </datafield>
</record>
</collection>
